@book{bhattacharyaBasicCourseProbability2016,
	location = {Cham},
	edition = {2},
	title = {A Basic Course in Probability Theory},
	isbn = {978-3-319-47974-3},
	series = {Universitext},
	pagetotal = {1},
	publisher = {Springer International Publishing : Imprint: Springer},
	author = {Bhattacharya, Rabi and Waymire, Edward C.},
	date = {2016},
	keywords = {Measure theory, Probabilities, Measure and Integration, Probability Theory and Stochastic Processes},
}

@book{billingsley_convergence_1999,
	location = {New York},
	edition = {2},
	title = {Convergence of probability measures},
	isbn = {978-0-471-19745-4},
	series = {Wiley series in probability and statistics. Probability and statistics section},
	pagetotal = {277},
	publisher = {Wiley},
	author = {Billingsley, Patrick},
	date = {1999},
	keywords = {Convergence, Metric spaces, Probability measures}
}

@unpublished{martingonzalezProbabilidadAvanzada2021,
	location = {México, Guanajuato},
	title = {Probabilidad Avanzada},
	pagetotal = {125},
	type = {Notas de clase},
	author = {Martín González, Ehyter M.},
	date = {2021},
}
@book{parthasarathyProbabilityMeasuresMetric2005,
	location = {Providence, R.I},
	title = {Probability measures on metric spaces},
	isbn = {978-0-8218-3889-1},
	pagetotal = {276},
	publisher = {{AMS} Chelsea Pub},
	author = {Parthasarathy, K. R.},
	date = {2005},
	keywords = {Metric spaces, Probability measures}
}